
@BOOK{Wilkinson2005-oz,
  title     = "The Grammar of Graphics",
  author    = "Wilkinson, Leland",
  publisher = "Springer",
  year      =  2005,
  isbn      = "9780387245447"
}


@ARTICLE{Wickham2010-kt,
  title     = "A layered grammar of graphics",
  author    = "Wickham, H",
  journal   = "Journal of computational and graphical statistics: a joint
               publication of American Statistical Association, Institute of
               Mathematical Statistics, Interface Foundation of North America",
  publisher = "Taylor \& Francis",
  year      =  2010,
  issn      = "1061-8600"
}


 @Book{Wickham2016,
    author = {Hadley Wickham},
    title = {ggplot2: Elegant Graphics for Data Analysis},
    publisher = {Springer-Verlag New York},
    year = {2016},
    isbn = {978-3-319-24277-4},
    url = {https://ggplot2.tidyverse.org},
}


@Manual{rstats,
    title = {R: A Language and Environment for Statistical Computing},
    author = {{R Core Team}},
    organization = {R Foundation for Statistical Computing},
    address = {Vienna, Austria},
    year = {2021},
    url = {https://www.R-project.org/},
  }


@ARTICLE{Wickham2014-gy,
  title   = "Tidy Data",
  author  = "Wickham, Hadley",
  journal = "Journal of Statistical Software, Articles",
  volume  =  59,
  number  =  10,
  pages   = "1--23",
  year    =  2014,
  issn    = "1548-7660",
  doi     = "10.18637/jss.v059.i10"
}
